<record><leader>00000cas a2200000 a 4500</leader><controlfield tag="001">13191528</controlfield><controlfield tag="008">860224d18941910tnudr ne      0    0eng  </controlfield><datafield ind1=" " ind2=" " tag="010"><subfield code="a">sn 86071146 </subfield></datafield><datafield ind1=" " ind2=" " tag="040"><subfield code="a">DLC</subfield><subfield code="b">eng</subfield><subfield code="c">DLC</subfield><subfield code="d">PPM</subfield><subfield code="d">KNP</subfield><subfield code="d">NVF</subfield><subfield code="d">CNW</subfield><subfield code="d">TGN</subfield><subfield code="d">DLC</subfield><subfield code="d">TGN</subfield><subfield code="d">DLC</subfield><subfield code="d">TXA</subfield><subfield code="d">OCLCO</subfield><subfield code="d">OCLCQ</subfield><subfield code="d">OCLCA</subfield><subfield code="d">OCLCF</subfield></datafield><datafield ind1="1" ind2=" " tag="029"><subfield code="a">AU@</subfield><subfield code="b">000022563369</subfield></datafield><datafield ind1=" " ind2=" " tag="042"><subfield code="a">pcc</subfield></datafield><datafield ind1=" " ind2=" " tag="043"><subfield code="a">n-us-tn</subfield></datafield><datafield ind1="0" ind2="0" tag="050"><subfield code="a">Newspaper</subfield></datafield><datafield ind1="0" ind2=" " tag="130"><subfield code="a">Nashville American (Nashville, Tenn. : 1894 : Daily)</subfield></datafield><datafield ind1="1" ind2="4" tag="245"><subfield code="a">The Nashville American.</subfield></datafield><datafield ind1="1" ind2="7" tag="246"><subfield code="a">Nashville daily American</subfield></datafield><datafield ind1="1" ind2="7" tag="246"><subfield code="a">Nashville Sunday American</subfield></datafield><datafield ind1=" " ind2=" " tag="260"><subfield code="a">Nashville [Tenn.] :</subfield><subfield code="b">American Pub. Co.,</subfield><subfield code="c">1894-1910.</subfield></datafield><datafield ind1=" " ind2=" " tag="300"><subfield code="a">v. :</subfield><subfield code="b">ill. (chiefly advertisements)</subfield></datafield><datafield ind1=" " ind2=" " tag="310"><subfield code="a">Daily</subfield></datafield><datafield ind1="0" ind2=" " tag="362"><subfield code="a">Vol. 20, no. 6540 (Sept. 30, 1894)-v. 35, no. 12808 (Sept. 25, 1910).</subfield></datafield><datafield ind1=" " ind2=" " tag="500"><subfield code="a">Published a 98th Anniversary ed., June 26, 1910.</subfield></datafield><datafield ind1=" " ind2=" " tag="530"><subfield code="a">Also issued on microfilm from Tennessee State Library and Archives, and the Library of Congress, Photoduplication Service.</subfield></datafield><datafield ind1=" " ind2=" " tag="580"><subfield code="a">Merged with: Nashville Tennessean (Nashville, Tenn. : 1907), to form: Nashville Tennessean and the Nashville American.</subfield></datafield><datafield ind1=" " ind2="0" tag="651"><subfield code="a">Davidson County (Tenn.)</subfield><subfield code="v">Newspapers.</subfield></datafield><datafield ind1=" " ind2="0" tag="651"><subfield code="a">Nashville (Tenn.)</subfield><subfield code="v">Newspapers.</subfield></datafield><datafield ind1=" " ind2="7" tag="655"><subfield code="a">Newspapers.</subfield><subfield code="2">fast</subfield><subfield code="0">(OCoLC)fst01423814</subfield></datafield><datafield ind1=" " ind2="7" tag="651"><subfield code="a">Tennessee</subfield><subfield code="z">Davidson County.</subfield><subfield code="2">fast</subfield><subfield code="0">(OCoLC)fst01205346</subfield></datafield><datafield ind1=" " ind2="7" tag="651"><subfield code="a">Tennessee</subfield><subfield code="z">Nashville.</subfield><subfield code="2">fast</subfield><subfield code="0">(OCoLC)fst01204195</subfield></datafield><datafield ind1=" " ind2=" " tag="752"><subfield code="a">United States</subfield><subfield code="b">Tennessee</subfield><subfield code="c">Davidson</subfield><subfield code="d">Nashville.</subfield></datafield><datafield ind1="0" ind2=" " tag="775"><subfield code="t">Semi-weekly American (Nashville, Tenn. : 1894)</subfield><subfield code="w">(DLC)sn 96091007</subfield></datafield><datafield ind1="0" ind2=" " tag="775"><subfield code="t">Nashville American (Nashville, Tenn. : 1900 : Weekly)</subfield><subfield code="w">(DLC)sn 96091008</subfield></datafield><datafield ind1="0" ind2=" " tag="775"><subfield code="t">Nashville weekly American (Nashville, Tenn. : 1901)</subfield><subfield code="w">(DLC)sn 96091009</subfield></datafield><datafield ind1="0" ind2=" " tag="775"><subfield code="t">Nashville American (Nashville, Tenn. : 1905 : Weekly)</subfield><subfield code="w">(DLC)sn 96091010</subfield></datafield><datafield ind1="0" ind2=" " tag="775"><subfield code="t">American weekly (Nashville, Tenn. : 1906)</subfield><subfield code="w">(DLC)sn 96091011</subfield></datafield><datafield ind1="0" ind2="8" tag="776"><subfield code="i">Online version:</subfield><subfield code="t">Nashville American (Nashville, Tenn. : 1894 : Daily)</subfield><subfield code="w">(DLC)  2012263145</subfield><subfield code="w">(OCoLC)794992072</subfield></datafield><datafield ind1="0" ind2="0" tag="780"><subfield code="t">Daily American (Nashville, Tenn.)</subfield><subfield code="w">(DLC)sn 85052217</subfield><subfield code="w">(OCoLC)12953467</subfield></datafield><datafield ind1="1" ind2="7" tag="785"><subfield code="t">Nashville Tennessean (Nashville, Tenn. : 1907)</subfield><subfield code="w">(DLC)sn 89058331</subfield><subfield code="w">(OCoLC)19273692</subfield></datafield><datafield ind1="1" ind2="7" tag="785"><subfield code="t">Nashville Tennessean and the Nashville American</subfield><subfield code="w">(DLC)sn 84024773</subfield><subfield code="w">(OCoLC)11232441</subfield></datafield><datafield ind1="4" ind2="1" tag="856"><subfield code="u">http://search.proquest.com/hnpnashvilletennessean/publicationbrowse/Main/</subfield></datafield></record>